<record><leader>00000cas a22000007a 4500</leader><controlfield tag="001">15101821</controlfield><controlfield tag="008">870122d19141959wiuwr ne      0    0eng d</controlfield><datafield ind1=" " ind2=" " tag="010"><subfield code="a">sn 87082045 </subfield></datafield><datafield ind1=" " ind2=" " tag="040"><subfield code="a">NPV</subfield><subfield code="b">eng</subfield><subfield code="c">NPV</subfield><subfield code="d">OCLCQ</subfield></datafield><datafield ind1=" " ind2=" " tag="042"><subfield code="a">msc</subfield></datafield><datafield ind1="0" ind2="0" tag="245"><subfield code="a">Cochrane recorder.</subfield></datafield><datafield ind1="1" ind2="7" tag="246"><subfield code="a">Cockrane recorder</subfield></datafield><datafield ind1=" " ind2=" " tag="260"><subfield code="a">Cochrane, Wis. :</subfield><subfield code="b">D.I. Hammergren,</subfield><subfield code="c">1914-1959.</subfield></datafield><datafield ind1=" " ind2=" " tag="300"><subfield code="a">v.</subfield></datafield><datafield ind1="0" ind2=" " tag="362"><subfield code="a">Vol. 1, no. 1 (Dec. 10, 1914)-v. 44, no. 46 (Sept. 3, 1959).</subfield></datafield><datafield ind1=" " ind2=" " tag="500"><subfield code="a">Publisher varies.</subfield></datafield><datafield ind1=" " ind2=" " tag="752"><subfield code="a">United States</subfield><subfield code="b">Wisconsin</subfield><subfield code="c">Buffalo</subfield><subfield code="d">Cochrane.</subfield></datafield><datafield ind1="0" ind2="7" tag="785"><subfield code="t">Buffalo County republican</subfield><subfield code="w">(DLC)sn 86086203</subfield></datafield><datafield ind1="0" ind2="7" tag="785"><subfield code="t">Cochrane-Fountain City recorder</subfield><subfield code="w">(DLC)sn 87082046</subfield></datafield></record>